@incollection{DBLP:books/el/RV01/Dowek01,
  author       = {Gilles Dowek},
  editor       = {John Alan Robinson and
                  Andrei Voronkov},
  title        = {Higher-Order Unification and Matching},
  booktitle    = {Handbook of Automated Reasoning (in 2 volumes)},
  pages        = {1009--1062},
  publisher    = {Elsevier and {MIT} Press},
  year         = {2001},
  url          = {https://doi.org/10.1016/b978-044450813-3/50018-7},
  doi          = {10.1016/B978-044450813-3/50018-7},
  timestamp    = {Thu, 25 Jul 2019 12:26:00 +0200},
  biburl       = {https://dblp.org/rec/books/el/RV01/Dowek01.bib},
  bibsource    = {dblp computer science bibliography, https://dblp.org}
}